<record><leader>00000cas a2200000 a 4500</leader><controlfield tag="001">14267381</controlfield><controlfield tag="008">860926d18951905kyudn ne      0    0eng d</controlfield><datafield ind1=" " ind2=" " tag="010"><subfield code="a">sn 86069432 </subfield></datafield><datafield ind1=" " ind2=" " tag="040"><subfield code="a">KNP</subfield><subfield code="b">eng</subfield><subfield code="c">KNP</subfield><subfield code="d">OCL</subfield><subfield code="d">OCLCQ</subfield></datafield><datafield ind1=" " ind2=" " tag="042"><subfield code="a">msc</subfield></datafield><datafield ind1="0" ind2=" " tag="130"><subfield code="a">Henderson daily journal (Henderson, Ky. : 1895)</subfield></datafield><datafield ind1="1" ind2="0" tag="245"><subfield code="a">Henderson daily journal.</subfield></datafield><datafield ind1=" " ind2=" " tag="260"><subfield code="a">Henderson, Ky. :</subfield><subfield code="b">Lyne &amp; Priest,</subfield><subfield code="c">1895-1905.</subfield></datafield><datafield ind1=" " ind2=" " tag="300"><subfield code="a">v. :</subfield><subfield code="b">ill.</subfield></datafield><datafield ind1=" " ind2=" " tag="310"><subfield code="a">Daily (except Mon.)</subfield></datafield><datafield ind1="0" ind2=" " tag="362"><subfield code="a">Vol. 7, no. 1 (Apr. 9, 1895)-v. 16, no. 312 (May 12, 1905).</subfield></datafield><datafield ind1=" " ind2="4" tag="651"><subfield code="a">Henderson (Ky.)</subfield><subfield code="v">Newspapers.</subfield></datafield><datafield ind1=" " ind2="4" tag="651"><subfield code="a">Henderson County (Ky.)</subfield><subfield code="v">Newspapers.</subfield></datafield><datafield ind1=" " ind2=" " tag="752"><subfield code="a">United States</subfield><subfield code="b">Kentucky</subfield><subfield code="c">Henderson</subfield><subfield code="d">Henderson.</subfield></datafield><datafield ind1="0" ind2=" " tag="775"><subfield code="t">Henderson weekly journal</subfield><subfield code="w">(DLC)sn 86069437</subfield></datafield><datafield ind1="0" ind2="0" tag="780"><subfield code="t">Daily journal (Henderson, Ky.)</subfield><subfield code="w">(DLC)sn 86069431</subfield></datafield><datafield ind1="0" ind2="0" tag="785"><subfield code="t">Henderson evening journal (Henderson, Ky. : 1905)</subfield><subfield code="w">(DLC)sn 86069433</subfield></datafield><datafield ind1="1" ind2=" " tag="029"><subfield code="a">AU@</subfield><subfield code="b">000025825401</subfield></datafield></record>